<record><leader>00000cas a2200000 a 4500</leader><controlfield tag="001">19133220</controlfield><controlfield tag="008">890210d187u1871tnuwr ne      0    0eng d</controlfield><datafield ind1=" " ind2=" " tag="010"><subfield code="a">sn 89058234 </subfield></datafield><datafield ind1=" " ind2=" " tag="040"><subfield code="a">KNP</subfield><subfield code="b">eng</subfield><subfield code="c">KNP</subfield><subfield code="d">TGN</subfield><subfield code="d">OCL</subfield><subfield code="d">OCLCQ</subfield><subfield code="d">OCLCF</subfield><subfield code="d">OCLCO</subfield></datafield><datafield ind1=" " ind2=" " tag="042"><subfield code="a">msc</subfield></datafield><datafield ind1=" " ind2=" " tag="043"><subfield code="a">n-us-tn</subfield></datafield><datafield ind1="0" ind2="4" tag="245"><subfield code="a">The Giles press.</subfield></datafield><datafield ind1=" " ind2=" " tag="260"><subfield code="a">Pulaski, Tenn. :</subfield><subfield code="b">James Buford &amp; Co.,</subfield><subfield code="c">-1871.</subfield></datafield><datafield ind1=" " ind2=" " tag="300"><subfield code="a">v.</subfield></datafield><datafield ind1=" " ind2=" " tag="310"><subfield code="a">Weekly</subfield></datafield><datafield ind1="0" ind2=" " tag="362"><subfield code="a">-v. 1, no. 51 (Dec. 14, 1871).</subfield></datafield><datafield ind1=" " ind2=" " tag="500"><subfield code="a">Publishers: James Buford &amp; Co., &lt;1871&gt;; Wm. J. Parkes, &lt;1871&gt;</subfield></datafield><datafield ind1=" " ind2=" " tag="500"><subfield code="a">Editors: T.B. Logan, &lt;1871&gt;; H.C. Bate, &lt;1871&gt;</subfield></datafield><datafield ind1=" " ind2=" " tag="588"><subfield code="a">Description based on: Vol. 1, no. 8 (Feb. 16, 1871).</subfield></datafield><datafield ind1=" " ind2="0" tag="651"><subfield code="a">Pulaski (Tenn.)</subfield><subfield code="v">Newspapers.</subfield></datafield><datafield ind1=" " ind2="0" tag="651"><subfield code="a">Giles County (Tenn.)</subfield><subfield code="v">Newspapers.</subfield></datafield><datafield ind1=" " ind2="7" tag="655"><subfield code="a">Newspapers.</subfield><subfield code="2">fast</subfield><subfield code="0">(OCoLC)fst01423814</subfield></datafield><datafield ind1=" " ind2="7" tag="651"><subfield code="a">Tennessee</subfield><subfield code="z">Giles County.</subfield><subfield code="2">fast</subfield><subfield code="0">(OCoLC)fst01221122</subfield></datafield><datafield ind1=" " ind2="7" tag="651"><subfield code="a">Tennessee</subfield><subfield code="z">Pulaski.</subfield><subfield code="2">fast</subfield><subfield code="0">(OCoLC)fst01224307</subfield></datafield><datafield ind1=" " ind2=" " tag="752"><subfield code="a">United States</subfield><subfield code="b">Tennessee</subfield><subfield code="c">Giles</subfield><subfield code="d">Pulaski.</subfield></datafield><datafield ind1="0" ind2="4" tag="785"><subfield code="t">Pulaski citizen</subfield><subfield code="w">(DLC)sn 85033964</subfield></datafield></record>